@Book{SzGa11,
author = {Szczeklik, A.},
title = {Choroby Wewnętrzne},
publisher = {Medycyna Praktyczna},
year = {2011},
address = {Kraków}
}

@MastersThesis{Valisue:Thesis:2011,
author = {Petri Valisuo},
title  = {Photonics Simulation and Modelling of Skin for Design of Spectrocutometer},
school = {Universitas Wasaensis},
address = {Finland},
year =  {2011},
}

@phdthesis{Yavari:PhD:2006,
author = {Nazila Yavari},
title = {Optical Spectroscopy for Tissue Diagnostics and Treatment Control},
school = {Department of Physics and Technology University of Bergen},
year = {2006},
}

@phdthesis{Fuzzy:2011,
author = {M. Sc. Eng. Kawther Abo Alam},
title = {Fuzzy Logic Hemoglobin Sensors},
school = {Karlsruhe Institute of Technology},
year = {2011},
}

@phdthesis{Nui:2007,
author = {Kenneth Humphreys},
title = {An Investigation of Remote Non-Contact Photoplethysmography and Pulse Oximetry},
school = {National University of Ireland},
year = {2007},
}

@MastersThesis{Katja:2011,
author = {Katja Urpalainen},
title = {Development of a Fractional Multi-Wavelength Pulse Oximetry Algorithm},
school = {Aalto University, School of ElectricalEngineering},
year = {2011},
}

@phdthesis{Zee:1992,
author = {Pieter van der Zee},
title = {Measurment and Modelling of the Optical Properities of Human Tissue in the Near Infrared},
school = {Department of Medical Physics and Bioengineering, University College London},
year = {1992},
}

@article{Wang:1995,
author = {Lihong Wang, Steven L. Jacques, Liqiong Zheng},
title = {MCML - Monte Carlo Modeling of Light Transport in Multi-Layered Tissues},
journal = {Computer Methods and Programs in Biomedicine},
year = {1995},
}

@article{Cys:2007,
author = {A. Cysewska-Sobusiak, G. Wiczyński, Z. Krawiecki},
title = {Wykorzystanie w Biopomiarach Transmisyjnego Wariantu światło-tkanki},
school = {POLITECHNIKA POZNAŃSKA, INSTYTUT ELEKTROTECHNIKI I ELEKTRONIKI PRZEMYSŁOWEJ, ZAKŁAD METROLOGII I OPTOELEKTRONIKI},
year = {2007},
}

@article{Cys2:2008,
author = {A. Cysewska-Sobusiak, G. Wiczyński, Z. Krawiecki},
title = {Modeling and Measurements of Light Transmission Through Human Tissues},
journal = {BULLETIN OF THE POLISH ACADEMY OF SCIENCES TECHNICAL SCIENCES},
year = {2008},
}

@Book{Feyn:2012,
author ={Richard P. Feynman, Robert B. Leighton, Matthew Sands},
title = {Feynmana Wykłady z Fizyki. T. 1, cz. 2, Optyka. Termodynamika. Fale},
publisher = {Wydawnictwo Naukowe PWN},
year = {2012},
}

@Book{Fizj:2007,
author ={Stanisław Konturek},
title = {Fizjologia Człowieka},
publisher = {Elsevier Urban and Partner},
year = {2007},
}

@phdthesis{Haggblad:2008,
author = {Erik Haggblad},
title = {In Vivo Diffuse Reflectance Spectroscopy of Human Tissue},
school = {Department of Biomedical Engineering, Linkoping University},
year = {2008},
}

@article{Dwyer:2008,
author = {Tom O’Dwyer},
title = {Pulse Oximetry System Design Theory and Practice},
journal = {Analog Devices Inc.},
year = {2008},
}

@article{Mann:2007,
author = {Paul D. Mannheimer},
title = {The Light Tissue Interaction of Pulse Oximetry},
journal = {International Anesthesia Research Society},
year = {2007},
}

@Book{Web:1997,
author = {J. G. Webster},
title = {Design of Pulse Oximeters},
publisher = {Institute of Physics Publishing, Institute  of Physics, London },
year = {1997},
address = {London}
}

@article{Rako,
author = {Paul Rako},
title = {Photodiode Amplifiers - Changing Light to Electricity},
journal = {National Semiconductor},
}

@article{Bhat:2012,
author = {Akshay Bhat},
title = {Tutorial 5129. Stabilize Your Transimpedance Amplifier},
journal = {Maxim IC},
year = {2012},

}

@Book{Gorecki:2004,
author ={Piotr Górecki},
title = {Wzmacniacz Operacyjne. Podstawy, Aplikacje, Zastosowania},
publisher = {Wydawnictwo BTC},
year = {2004},
}

@manual{4066,
title = {CD4066BC Quad Bilateral Switch},
organization = {Fairchild Semiconductor},
year = {2005},
}

@manual{BPW34,
title = {BPW34 - Silicon Pin Photodiode},
organization = {Vishay Semiconductor},
year = {2011},
}

@MISC{TI,
	title ="{Filter Design Application. FilterPro MFB and Sallen-Key Low-Pass Filter Design}",
	howpublished = {\url{http://www.ti.com/tool/filterpro}},
}
